@article{Davis80-COP,
  author =    {Steven B. Davis and Paul Mermelstein},
  title =     {Comparison of Parametric Representation for Monosyllabic Word Recognition in Continuously Spoken Sentences},
  journal =   {IEEE Transactions on Acoustics, Speech and Signal Processing},
  volume =    {28},
  number =    {4},
  pages =     {357--366},
  year =      {1980}
}

@article{Rabiner89-ATO,
  author =    {Lawrence R. Rabiner},
  title =     {A Tutorial on Hidden {Markov} Models and Selected Applications in Speech Recognition},
  journal =   {Proceedings of the IEEE},
  volume =    {77}, 
  number =    {2},
  pages =     {257--286}, 
  year =      {1989}
}

@book{Hastie09-TEO,
  author =    {Trevor Hastie and Robert Tibshirani and Jerome Friedman},
  title =     {The Elements of Statistical Learning -- Data Mining, Inference, and Prediction},
  publisher = {Springer},
  address =   {New York},
  year =      {2009}
}

@inproceedings{YourName16-XXX,
  crossref =  {INTERSPEECH16},
  author =    {Firstname1 Lastname1 and Firstname2 Lastname2 and Firstname3 Lastname3},
  title =     {Title of your {INTERSPEECH} 2016 publication},
  pages =     {100--104}
}

@proceedings{INTERSPEECH16,
  key =       {INTERSPEECH},
  title =     {{INTERSPEECH} 2016 -- 16\textsuperscript{th} Annual Conference of the International Speech Communication Association, September 8–12, San Francisco, California, USA, Proceedings},
  booktitle = {{INTERSPEECH} 2016 -- 16\textsuperscript{th} Annual Conference of the International Speech Communication Association, September 8–12, San Francisco, California, USA, Proceedings},
  year =      {2016}
}

@inproceedings{garcia2014supervised,
  title={Supervised domain adaptation for i-vector based speaker recognition},
  author={Garcia-Romero, Daniel and McCree, Alan},
  booktitle={Acoustics, Speech and Signal Processing (ICASSP), 2014 IEEE International Conference on},
  pages={4047--4051},
  year={2014},
  organization={IEEE}
}

@inproceedings{kellyinterspeech15,
  title={Evaluation and calibration of short-term aging effects in speaker verification},
  author={Kelly, Finnian and Hansen, John HL},
  booktitle={Sixteenth Annual Conference of the International Speech Communication Association},
  year={2015}
}

@article{paper3,
  title={Investigating automatic measurements of prosodic accommodation and its dynamics in social interaction},
  author={De Looze, C{\'e}line and Scherer, Stefan and Vaughan, Brian and Campbell, Nick},
  journal={Speech Communication},
  volume={58},
  pages={11--34},
  year={2014},
  publisher={Elsevier}
}

@article{paper4,
  title={An overview of text-independent speaker recognition: From features to supervectors},
  author={Kinnunen, Tomi and Li, Haizhou},
  journal={Speech communication},
  volume={52},
  number={1},
  pages={12--40},
  year={2010},
  publisher={Elsevier}
}

@article{paper5,
  title={5 Organic Variation of the Vocal Apparatus},
  author={Beck, Janet Mackenzie},
  journal={The handbook of phonetic sciences},
  pages={155},
  year={2010},
  publisher={John Wiley \& Sons}
}

@book{paper6,
  title={Vocal aging},
  author={Linville, Sue Ellen},
  year={2001},
  publisher={Singular Thomson Learning}
}

@article{paper7,
  title={Assessing non-contemporaneous forensic speech evidence: acoustic features, formant frequency-based likelihood ratios and ASR performance},
  author={Rhodes, Richard},
  journal={International Journal of Speech Language and the Law},
  volume={20},
  number={1},
  pages={147--150},
  year={2013}
}

@inproceedings{paper9,
  title={Effect of long-term ageing on i-vector speaker verification.},
  author={Kelly, Finnian and Saeidi, Rahim and Harte, Naomi and van Leeuwen, David A},
  booktitle={INTERSPEECH},
  pages={86--90},
  year={2014}
}

@inproceedings{paper10,
  title={Eigenageing compensation for speaker verification.},
  author={Kelly, Finnian and Br{\"u}mmer, Niko and Harte, Naomi},
  booktitle={INTERSPEECH},
  pages={1624--1628},
  year={2013}
}

@article{paper11,
  title={Speaker verification in score-ageing-quality classification space},
  author={Kelly, Finnian and Drygajlo, Andrzej and Harte, Naomi},
  journal={Computer Speech \& Language},
  volume={27},
  number={5},
  pages={1068--1084},
  year={2013},
  publisher={Elsevier}
}

@techreport{paper12,
  title={The multi-session audio research project (MARP) corpus: Goals, design and initial findings},
  author={Lawson, Aaron D and Stauffer, AR and Cupples, Edward J and Wenndt, Stanley J and Bray, WP and Grieco, John J},
  year={2009},
  institution={DTIC Document}
}

@techreport{paper13,
  title={Long term examination of intra-session and inter-session speaker variability},
  author={Lawson, Aaron D and Staufer, AR and Smolenski, Brett Y and Pokines, BB and Leoanrd, M and Cupples, Edward J},
  year={2009},
  institution={DTIC Document}
}

@inproceedings{paper14,
  title={Session variability contrasts in the MARP corpus.},
  author={Godin, Keith W and Hansen, John HL},
  booktitle={INTERSPEECH},
  pages={298--301},
  year={2010}
}

@article{paper18,
  title={Quality measure functions for calibration of speaker recognition systems in various duration conditions},
  author={Mandasari, Miranti Indar and Saeidi, Rahim and McLaren, Moray and van Leeuwen, David A},
  journal={Audio, Speech, and Language Processing, IEEE Transactions on},
  volume={21},
  number={11},
  pages={2425--2438},
  year={2013},
  publisher={IEEE}
}

@INPROCEEDINGS{weightedLDA, 
author={O. Glembek and J. Ma and P. Matějka and B. Zhang and O. Plchot and L. Bürget and S. Matsoukas}, 
booktitle={Acoustics, Speech and Signal Processing (ICASSP), 2014 IEEE International Conference on}, 
title={Domain adaptation via within-class covariance correction in I-vector based speaker recognition systems}, 
year={2014}, 
pages={4032-4036}
}

@article{dehak2011front,
  title={Front-end factor analysis for speaker verification},
  author={Dehak, Najim and Kenny, Patrick and Dehak, R{\'e}da and Dumouchel, Pierre and Ouellet, Pierre},
  journal={Audio, Speech, and Language Processing, IEEE Transactions on},
  volume={19},
  number={4},
  pages={788--798},
  year={2011},
  publisher={IEEE}
}

@inproceedings{garcia2011analysis,
  title={Analysis of i-vector Length Normalization in Speaker Recognition Systems.},
  author={Garcia-Romero, Daniel and Espy-Wilson, Carol Y},
  booktitle={Interspeech},
  pages={249--252},
  year={2011}
}

@inproceedings{misra2016odyssey,
  title={Between-Class Covariance Correction For Linear Discriminant Analysis in
Language Recognition},
  author={Misra, Abhinav and Zhang, Qian and Kelly, Finnian and Hansen, John H. L. },
  booktitle={Odyssey},
  year={2016}
}


@INPROCEEDINGS{NIST08,
author =  {{NIST}},
TITLE   =       {The {NIST} year 2008 speaker recognition evaluation plan},
YEAR    =       {2008},
URL     =       "http://www.nist.gov"
}

@INPROCEEDINGS{NIST04,
author =  {{NIST}},
TITLE   =       {The {NIST} year 2004 speaker recognition evaluation plan},
YEAR    =       {2008},
URL     =       "http://www.nist.gov"
}

@INPROCEEDINGS{NIST05,
author =  {{NIST}},
TITLE   =       {The {NIST} year 2005 speaker recognition evaluation plan},
YEAR    =       {2008},
URL     =       "http://www.nist.gov"
}
@INPROCEEDINGS{NIST06,
author =  {{NIST}},
TITLE   =       {The {NIST} year 2006 speaker recognition evaluation plan},
YEAR    =       {2008},
URL     =       "http://www.nist.gov"
}

@INPROCEEDINGS{NIST10,
author =  {{NIST}},
TITLE   =       {The {NIST} year 2010 speaker recognition evaluation plan},
YEAR    =       {2010},
URL     =       "http://www.nist.gov"
}

